@comment{
  An article from a journal or a magazine

  required fields: author, title, journal, year
  optional fields: volume, number, pages, month, note
}

@Article{a,
  author    =   "",
  title     =   "",
  journal   =   "",
  year      =   "",
  volume    =   "",
  number    =   "",
  pages     =   "",
  month     =   "",
  note      =   ""
}

@article{Horn90,
	author    = {R. G. Horn and someone else},
	title     = {Surface Forces and Their Actions in Ceramic Materials},
	journal   = {Journal of the American Ceramic Society},
	volume    = {73},
	pages     = {1117--1135},
	year      = {1990},
	language  = {english}
}

@article{Fenn09,
  title = "FAQ: Textsatz mit TeX/LaTeX",
  author = "JÃ¼rgen Fenn",
  journal = "c't 16/09",
  year = "2009",
  month = "August",
  pages = " 152ff.",
}

@article{Gaudeul06,
  title = "Do Open Source Developers Respond to Competition?: The (La)TeX Case Study",
  author = "Alexia Gaudeul",
  year = "2006",
  month = "March",
  journal = "SRRN",
  note = "Available at SSRN: \url{http://ssrn.com/abstract=908946}",
}

