@comment{
  A book with an explicit publisher

  required fields: author XOR editor, title, publisher, year
  optional fields: volume XOR number, series, address, edition, month, note
}

@Book{,
  author    = "",
  editor    = "",
  title     = "",
  publisher = "",
  year      = "",
  volume    = "",
  number    = "",
  series    = "",
  address   = "",
  edition   = "",
  month     = "",
  note      = ""
}

@book{Lamport94,
	author    = {Leslie Lamport},
	title     = {\LaTeX: A Document Preparation System},
	publisher = {Addison-Wesley},
	year      = 1994,
	language  = {english}
}

@book{Knuth84,
	author    = {Donald E. Knuth},
	title     = {The \TeX book},
	volume    = {A},
	series    = {Computers and Typesetting},
	publisher = {Addison-Wesley},
	year      = 1984,
	language  = {english}
}
