@comment{
  An article in a conference proceedings

  required fields: author, title, booktitle, year
  optional fields: editor, volume XOR number, series, pages, address, month, organization, publisher, note
}

@InProceedings{,
  author       =   "",
  title        =   "",
  booktitle    =   "",
  year         =   "",
  editor       =   "",
  volume       =   "",
  number       =   "",
  series       =   "",
  pages        =   "",
  address      =   "",
  month        =   "",
  organization =   "",
  publisher    =   "",
  note         =   ""
}

@INPROCEEDINGS{wong:gt200microbenchmark,
	author={Wong, H. and Papadopoulou, M.-M. and Sadooghi-Alvandi, M. and Moshovos, A.},
	booktitle={IEEE International Symposium on Performance Analysis of Systems Software (ISPASS)},
	title={{Demystifying GPU Microarchitecture through Microbenchmarking}},
	year={2010}
}
