@comment{
  Technical documentation

  required fields: title
  optional fields: author, organization, address, edition, month, year, note
}

@Manual{,
  title        = "",
  author       = "",
  organization = "",
  address      = "",
  edition      = "",
  month        = "",
  year         = "",
  note         = ""
}

@manual{DINEN6232,
	title     = {Pr\"ufverfahren f\"ur Hochleistungskeramiken: Allgemeine und strukturelle Eigenschaften: Bestimmung von Dichte und Porosit\"at},
	organization = {DIN EN 623--2},
	year      = 1991,
	language  = {ngerman}
}
