@comment{
  Use this type when nothing else fits

  required fields: -
  optional fields: author, title, howpublished, month, year, note

  key can be used as a sorting criterion
}

@Misc{,
  key           = "",
  author        = "",
  title         = "",
  howpublished  = "",
  month         = "",
  year          = "",
  note          = ""
}

@Misc{wikipedia-latex,
  title = "LaTeX",
  author = "Wikipedia",
  howpublished = "\url{https://secure.wikimedia.org/wikipedia/de/wiki/LaTeX}, 1.~Dez.~2011",
}

@Misc{ctan-friends,
  title = "What are \TeX, \LaTeX, and friends?",
  author = "CTAN.org",
  howpublished = "\url{http://www.ctan.org/what_is_tex.html}, 1.~Dez.~2011",
}

