@comment{
  A document having an author and title, but not formally published

  required fields: author, title, note
  optional fields: month, year
}

@UnPublished{,
  author  = "",
  title   = "",
  note    = "",
  month   = "",
  year    = ""
}

@UnPublished{meltzer:c2070,
	author  = {Meltzer, R. and Zeng, C. and Cecka, C.},
	title   = {{Micro-benchmarking the C2070}},
	note = {{GPU Technology Conference}},
	year    = {2013}
}
